<collection xmlns:xsi="http://www.w3.org/2001/XMLSchema-instance" xmlns="http://www.loc.gov/MARC21/slim" xsi:schemaLocation="http://www.loc.gov/MARC21/slim http://www.loc.gov/standards/marcxml/schema/MARC21slim.xsd">

<record>
  <leader>05016ckdaa2200769 a 4500</leader>
  <controlfield tag="001">3462303</controlfield>
  <controlfield tag="005">20100226103417.0</controlfield>
  <controlfield tag="008">890508s1917    xx ||| |||||||   1k|eng d</controlfield>
  <datafield tag="035" ind1=" " ind2=" ">
    <subfield code="a">(OCoLC)82604175</subfield>
  </datafield>
  <datafield tag="035" ind1=" " ind2=" ">
    <subfield code="a">(OCoLC)ocm82604175</subfield>
  </datafield>
  <datafield tag="035" ind1=" " ind2=" ">
    <subfield code="a">(CStRLIN)NYDA89-F567</subfield>
  </datafield>
  <datafield tag="035" ind1=" " ind2=" ">
    <subfield code="9">AAA2774AD</subfield>
  </datafield>
  <datafield tag="035" ind1=" " ind2=" ">
    <subfield code="a">(NNC)3462303</subfield>
  </datafield>
  <datafield tag="040" ind1=" " ind2=" ">
    <subfield code="a">NNC</subfield>
    <subfield code="c">NNC</subfield>
    <subfield code="e">gihc</subfield>
  </datafield>
  <datafield tag="043" ind1=" " ind2=" ">
    <subfield code="a">n-us-ca</subfield>
  </datafield>
  <datafield tag="090" ind1=" " ind2=" ">
    <subfield code="i">06/04/01 T</subfield>
    <subfield code="h">01/09/92 N</subfield>
  </datafield>
  <datafield tag="130" ind1="0" ind2=" ">
    <subfield code="a">Greene &amp; Greene collection of architectural drawings.</subfield>
    <subfield code="t">Coulter Dry Goods Company store (Los Angeles, Calif.)</subfield>
  </datafield>
  <datafield tag="245" ind1="1" ind2="0">
    <subfield code="a">Store building for the Coulter Dry Goods Company, Seventh &amp; Olive Streets, Los Angeles, Cal.</subfield>
    <subfield code="h">[graphic] /</subfield>
    <subfield code="c">W.J.Dodd, Architect ; William Richards, Engineer.</subfield>
  </datafield>
  <datafield tag="260" ind1=" " ind2=" ">
    <subfield code="c">[19]17</subfield>
  </datafield>
  <datafield tag="300" ind1=" " ind2=" ">
    <subfield code="a">16 sheets :</subfield>
    <subfield code="b">various media ;</subfield>
    <subfield code="c">91.9 x 122 cm. (36 2/8 x 48 1/8 in.) or smaller.</subfield>
  </datafield>
  <datafield tag="500" ind1=" " ind2=" ">
    <subfield code="a">Job no. 233 assigned by W.J. Dodd. Job no. 103 assigned by E.W.Metcalf</subfield>
  </datafield>
  <datafield tag="500" ind1=" " ind2=" ">
    <subfield code="a">Bracketed title elements supplied by cataloger or taken from inventory.</subfield>
  </datafield>
  <datafield tag="500" ind1=" " ind2=" ">
    <subfield code="a">Forms part of the Greene &amp; Greene collection of architectural drawings.</subfield>
  </datafield>
  <datafield tag="500" ind1=" " ind2=" ">
    <subfield code="a">Many of the blueprints are damaged.</subfield>
  </datafield>
  <datafield tag="500" ind1=" " ind2=" ">
    <subfield code="a">Scale varies.</subfield>
  </datafield>
  <datafield tag="500" ind1=" " ind2=" ">
    <subfield code="a">The project was later altered by Greene &amp; Greene.</subfield>
  </datafield>
  <datafield tag="500" ind1=" " ind2=" ">
    <subfield code="a">This set consists of 6 blueprints on paper, 5 pencil drawings on paper, 4 blueprints with pencil markings on paper, 3 blueprints with crayon markings on paper, and 1 blueprint with crayon and ink marking on paper.</subfield>
  </datafield>
  <datafield tag="561" ind1=" " ind2=" ">
    <subfield code="a">Gift of Jean Murray Bangs (Mrs. Harwell Hamilton Harris), 1960; formely the collection of Charles Sumner Greene.</subfield>
  </datafield>
  <datafield tag="650" ind1=" " ind2="7">
    <subfield code="a">Stores.</subfield>
    <subfield code="2">aat</subfield>
  </datafield>
  <datafield tag="650" ind1=" " ind2="7">
    <subfield code="a">Balconies.</subfield>
    <subfield code="2">aat</subfield>
  </datafield>
  <datafield tag="655" ind1=" " ind2="7">
    <subfield code="a">Sketches.</subfield>
    <subfield code="2">aat</subfield>
  </datafield>
  <datafield tag="655" ind1=" " ind2="7">
    <subfield code="a">Detail drawings.</subfield>
    <subfield code="2">aat</subfield>
  </datafield>
  <datafield tag="655" ind1=" " ind2="7">
    <subfield code="a">Architectural drawings</subfield>
    <subfield code="x">American.</subfield>
    <subfield code="2">aat</subfield>
  </datafield>
  <datafield tag="655" ind1=" " ind2="7">
    <subfield code="a">Orthographic drawings.</subfield>
    <subfield code="2">aat</subfield>
  </datafield>
  <datafield tag="691" ind1=" " ind2="0">
    <subfield code="a">Los Angeles (Calif.)</subfield>
  </datafield>
  <datafield tag="697" ind1="2" ind2="4">
    <subfield code="a">Coulter Dry Goods Company store (Los Angeles, Calif.)</subfield>
  </datafield>
  <datafield tag="650" ind1=" " ind2="0">
    <subfield code="a">Architecture</subfield>
    <subfield code="z">United States</subfield>
    <subfield code="v">Designs and plans.</subfield>
  </datafield>
  <datafield tag="700" ind1="1" ind2=" ">
    <subfield code="a">Dodd, W. J.</subfield>
  </datafield>
  <datafield tag="700" ind1="1" ind2=" ">
    <subfield code="a">Richards, William.</subfield>
  </datafield>
  <datafield tag="700" ind1="1" ind2=" ">
    <subfield code="a">Metcalf, E. W.</subfield>
  </datafield>
  <datafield tag="710" ind1="2" ind2=" ">
    <subfield code="a">Coulter Dry Goods Company.</subfield>
  </datafield>
  <datafield tag="710" ind1="2" ind2=" ">
    <subfield code="a">Greene &amp; Greene.</subfield>
  </datafield>
  <datafield tag="710" ind1="2" ind2=" ">
    <subfield code="a">Pacific Fire Extinguisher Co.</subfield>
  </datafield>
  <datafield tag="755" ind1=" " ind2=" ">
    <subfield code="a">Blueprints.</subfield>
    <subfield code="2">aat</subfield>
  </datafield>
  <datafield tag="755" ind1=" " ind2=" ">
    <subfield code="a">Pencil drawings.</subfield>
    <subfield code="2">aat</subfield>
  </datafield>
  <datafield tag="755" ind1=" " ind2=" ">
    <subfield code="a">Crayon drawings.</subfield>
    <subfield code="2">aat</subfield>
  </datafield>
  <datafield tag="755" ind1=" " ind2=" ">
    <subfield code="a">Ink drawings.</subfield>
    <subfield code="2">aat</subfield>
  </datafield>
  <datafield tag="789" ind1="0" ind2=" ">
    <subfield code="1">[1]</subfield>
    <subfield code="i">NYDA.1960.001.00790.</subfield>
    <subfield code="t">First floor plan :</subfield>
    <subfield code="n">Sheet No. 13 /</subfield>
    <subfield code="c">made by A.P.M.,</subfield>
    <subfield code="d">March, '17.</subfield>
    <subfield code="o">"Printed 6/6/1917".</subfield>
  </datafield>
  <datafield tag="789" ind1="0" ind2=" ">
    <subfield code="1">[2]</subfield>
    <subfield code="i">NYDA.1960.001.00791.</subfield>
    <subfield code="t">First floor plan :</subfield>
    <subfield code="n">[Sheet No. 13] /</subfield>
    <subfield code="c">made by A.P.M.,</subfield>
    <subfield code="d">[March, '17.</subfield>
    <subfield code="o">"Printed 6/6/1917".</subfield>
  </datafield>
  <datafield tag="789" ind1="0" ind2=" ">
    <subfield code="1">[3]</subfield>
    <subfield code="i">NYDA.1960.001.00792.</subfield>
    <subfield code="t">Balcony floor plan :</subfield>
    <subfield code="n">Sheet No.14 /</subfield>
    <subfield code="c">made by A.P.M.,</subfield>
    <subfield code="d">March, '17.</subfield>
    <subfield code="o">"Printed 6/6/1917".</subfield>
  </datafield>
  <datafield tag="789" ind1="0" ind2=" ">
    <subfield code="1">[4]</subfield>
    <subfield code="i">NYDA.1960.001.00793.</subfield>
    <subfield code="t">Balcony floor plan :</subfield>
    <subfield code="n">[Sheet No. 14] /</subfield>
    <subfield code="c">made by A.P.M.,</subfield>
    <subfield code="d">[March, '17].</subfield>
    <subfield code="o">"Printed 6/6/1917".</subfield>
  </datafield>
  <datafield tag="789" ind1="0" ind2=" ">
    <subfield code="1">[5]</subfield>
    <subfield code="i">NYDA.1960.001.00794.</subfield>
    <subfield code="t">Second floor plan, half plan of curved bay between columns 51 &amp; 59 :</subfield>
    <subfield code="n">Sheet No. 15 /</subfield>
    <subfield code="c">made by A.P.M.,</subfield>
    <subfield code="d">March, '17.</subfield>
    <subfield code="o">"Printed 6/6/1917".</subfield>
  </datafield>
  <datafield tag="789" ind1="0" ind2=" ">
    <subfield code="1">[6]</subfield>
    <subfield code="i">NYDA.1960.001.00795R.</subfield>
    <subfield code="t">Third floor plan :</subfield>
    <subfield code="n">Sheet No. 16 /</subfield>
    <subfield code="c">made by A.P.M.,</subfield>
    <subfield code="d">March, '17.</subfield>
    <subfield code="o">"Printed 6/6/1917".</subfield>
  </datafield>
  <datafield tag="789" ind1="0" ind2=" ">
    <subfield code="1">[7]</subfield>
    <subfield code="i">NYDA.1960.001.00795V.</subfield>
    <subfield code="t">[Unidentified rough sketch]</subfield>
  </datafield>
  <datafield tag="789" ind1="0" ind2=" ">
    <subfield code="1">[8]</subfield>
    <subfield code="i">NYDA.1960.001.00796.</subfield>
    <subfield code="t">Olive and Seventh Street elevations /</subfield>
    <subfield code="m">ade by W.C.M.</subfield>
    <subfield code="o">"Ptinted 6/6/1917".</subfield>
  </datafield>
  <datafield tag="789" ind1="0" ind2=" ">
    <subfield code="1">[9]</subfield>
    <subfield code="i">NYDA.1960.001.00797.</subfield>
    <subfield code="t">Delivery room -- cast elevation, section, first floor plan, north elevation, second floor plan :</subfield>
    <subfield code="n">Sheet No. 1,</subfield>
    <subfield code="d">July 2, 1917.</subfield>
  </datafield>
  <datafield tag="789" ind1="0" ind2=" ">
    <subfield code="1">[10]</subfield>
    <subfield code="i">NYDA.1960.001.00798.</subfield>
    <subfield code="t">[Plan showing] second floor fixtures [for main building] :</subfield>
    <subfield code="n">Sheet 02 /</subfield>
    <subfield code="c">drawn [by] W.H.M. ; E.W. Metcalf, Designer,</subfield>
    <subfield code="d">5-30-17.</subfield>
    <subfield code="o">"Job 103".</subfield>
  </datafield>
  <datafield tag="789" ind1="0" ind2=" ">
    <subfield code="1">[11]</subfield>
    <subfield code="i">NYDA.1960.001.00799.</subfield>
    <subfield code="t">Third floor plan [showing fixtures] :</subfield>
    <subfield code="n">Sheet 03.</subfield>
  </datafield>
  <datafield tag="789" ind1="0" ind2=" ">
    <subfield code="1">[12]</subfield>
    <subfield code="i">NYDA.1960.001.00800.</subfield>
    <subfield code="t">[Unidentified detail drawings]</subfield>
  </datafield>
  <datafield tag="789" ind1="0" ind2=" ">
    <subfield code="1">[13]</subfield>
    <subfield code="i">NYDA.1960.001.00801.</subfield>
    <subfield code="t">Two marquees -- front elevation, plan at corners, side elevation, construction selection /</subfield>
    <subfield code="c">W.M.P.,</subfield>
    <subfield code="d">6-28-17.</subfield>
    <subfield code="o">One of the "construction sections" is crossed out with crayon.</subfield>
    <subfield code="o">All glass to be wire glass".</subfield>
  </datafield>
  <datafield tag="789" ind1="0" ind2=" ">
    <subfield code="1">[14]</subfield>
    <subfield code="i">NYDA.1960.001.00802.</subfield>
    <subfield code="t">[First floor plan showing fixtures] :</subfield>
    <subfield code="n">Sheet 1 /</subfield>
    <subfield code="c">E.W. Metcalf, Designer,</subfield>
    <subfield code="d">3/12/17.</subfield>
  </datafield>
  <datafield tag="789" ind1="0" ind2=" ">
    <subfield code="1">[15]</subfield>
    <subfield code="i">NYDA.1960.001.00803.</subfield>
    <subfield code="t">Basement [sprinkler plan] /</subfield>
    <subfield code="c">Pacific Fire Extinguisher Co.</subfield>
    <subfield code="o">"Grinnell Automatic Sprinkler Equipment to be installed in Coulter building".</subfield>
    <subfield code="o">Approval stamp in lower left corner has date -"May 24, 1917".</subfield>
  </datafield>
  <datafield tag="789" ind1="0" ind2=" ">
    <subfield code="1">[16]</subfield>
    <subfield code="i">NYDA.1960.001.00804R.</subfield>
    <subfield code="t">[Unidentified rough sketch].</subfield>
    <subfield code="o">Sketch done on backing paper for roll of drawings.</subfield>
  </datafield>
  <datafield tag="789" ind1="0" ind2=" ">
    <subfield code="1">[17]</subfield>
    <subfield code="i">NYDA.1960.001.00804V.</subfield>
    <subfield code="t">[Unidentified rough sketch].</subfield>
    <subfield code="o">Sketch done on backing paper for roll of drawings.</subfield>
  </datafield>
  <datafield tag="789" ind1="0" ind2=" ">
    <subfield code="1">[18]</subfield>
    <subfield code="i">NYDA.1960.001.00805R.</subfield>
    <subfield code="t">[Unidentified rough sketch].</subfield>
    <subfield code="o">Sketch done on backing paper for roll of drawings.</subfield>
  </datafield>
  <datafield tag="789" ind1="0" ind2=" ">
    <subfield code="1">[19]</subfield>
    <subfield code="i">NYDA.1960.001.00805V.</subfield>
    <subfield code="t">[Unidentified rough sketch].</subfield>
    <subfield code="o">Sketch done on backing paper for roll of drawings.</subfield>
  </datafield>
  <datafield tag="900" ind1=" " ind2=" ">
    <subfield code="a">AUTH</subfield>
  </datafield>
</record>

</collection>